2337 3102
191 822 372 914 Olim
395 853 645 924 spondere
677 852 993 907 idem‘valuit
1020 854 1158 924 quod
1191 854 1363 906 dicere·
1440 854 1503 904 ld
1529 854 1700 905 Festus
1728 856 1875 905 docet
1903 871 1952 905 et

184 950 318 1000 verbi
354 947 650 1017 respondere
687 932 894 1016 vulgaris
934 946 1219 1016 significatio
1258 947 1557 1016 comprobat.
1636 945 1737 997 Sed
1763 962 1952 1013 ¹mature

183 1037 325 1087 latior
358 1028 499 1087 istius¹
542 1036 766 1087 vocabuli
809 1042 1022 1103 potestas
1044 1097 1051 1101 .
1073 1036 1438 1104 circumscripta
1477 1050 1550 1086 est
1591 1036 1949 1104 angustioribus

185 1127 390 1198 finibus,
424 1140 479 1174 ut
509 1112 611 1174 non
633 1124 800 1173 liceret
822 1106 886 1173 *eo
919 1124 980 1173 de
1002 1125 1099 1174 alio
1120 1143 1340 1175 sermone
1371 1126 1468 1187 uti,
1495 1143 1644 1192 quam
1675 1143 1775 1192 quo
1801 1126 1945 1175 futu-

186 1235 299 1265 rum
334 1213 520 1282 aliquid
544 1213 918 1282 promitteretur.
990 1206 1134 1288 Modi
1159 1229 1320 1264 autem
1339 1213 1661 1283 promittendi
1680 1214 1797 1264 varii
1818 1228 1946 1263 sunt.

184 1302 543 1383 Promittimus
552 1296 688 1350 enim
718 1303 879 1368 primo
915 1302 992 1353 vel
1022 1320 1143 1370 pure
1177 1317 1225 1369 et
1260 1297 1463 1352 omnino
1509 1303 1586 1353 vel
1620 1321 1734 1351 cum
1774 1287 1948 1351 condi-

185 1392 344 1441 tione:
413 1408 528 1439 cum
557 1390 827 1454 posterius
833 1391 915 1448 fit,
969 1391 1264 1438 necessarius
1295 1406 1366 1437 est
1399 1408 1517 1438 usus
1548 1393 1833 1439 vocularum
1875 1392 1916 1438 S
1923 1390 1961 1438 I

185 1493 269 1529 aut
302 1481 361 1529 N
364 1479 406 1527 I
499 1470 693 1528 Deinde
723 1466 1017 1544 pollicemur
1047 1478 1123 1529 vel
1151 1478 1284 1527 ultro
1317 1462 1392 1529 vel
1427 1479 1581 1546 rogati
1613 1494 1663 1528 et
1690 1478 1951 1547 stipulante

123 1571 131 1578 '
183 1569 338 1642 altero
373 1565 560 1628 (Plaut.
584 1564 759 1616 Pseud,
784 1564 902 1628 1.1,
938 1569 1049 1618 115.
1073 1565 1163 1616 IV.
1199 1569 1245 1630 6,
1283 1570 1390 1631 14.).
1493 1567 1722 1636 Denique
1747 1569 1803 1617 fit
1833 1586 1948 1635 pro-

185 1658 353 1717 missio
384 1657 461 1709 vel
493 1639 790 1724 simpliciterss
825 1655 900 1705 vel
932 1655 1028 1717 sic,
1058 1670 1112 1704 ut
1139 1657 1257 1704 alter
1290 1657 1594 1724 repromittat
1617 1672 1665 1707 et
1696 1658 1949 1724 restipule-

188 1761 268 1797 tur
296 1745 522 1817 (Cu-rc‘ul.
562 1743 616 1801 V.
659 1759 715 1812 2,
746 1746 873 1805 67.).
973 1743 1114 1793 Licet
1145 1729 1307 1793 autem
1336 1744 1513 1811 singuli
1541 1746 1615 1794 illi
1644 1744 1781 1794 modi
1813 1743 1948 1794 haud

188 1853 298 1884 raro
327 1823 613 1900 sponsiones
648 1830 899 1892 dicautur,
954 1845 1116 1880 tamen
1145 1833 1627 1900 comprehenderunt
1655 1833 1863 1885 Romani
1888 1850 1946 1882 eo

190 1921 428 1975 vocabulo
463 1921 752 1990 plerumque
783 1917 1030 1973 universos
1065 1920 1236 1984 simul,
1267 1935 1323 1971 ut
1353 1921 1565 1990 perfecta
1596 1921 1795 1991 sponsio
1826 1935 1949 1972 esset

190 2011 453 2083 promissio
508 2017 621 2060 cu'm
670 2009 952 2060 conditione
993 2028 1082 2078 per
1127 2011 1492 2078 stipulationem
1538 2012 1669 2062 ultro
1725 2012 1947 2080 citroque
1999 2058 2002 2061 .

188 2105 330 2152 facta.
412 2100 573 2150 Huius
623 2101 809 2167 generis
848 2101 1115 2167 sponsione
1161 2090 1422 2152 utebantur
1473 2103 1572 2163 fere
1621 2103 1672 2151 iu
1724 2102 1949 2150 omnibus

189 2191 312 2243 vitae
345 2205 394 2241 et
444 2190 656 2260 privatae
696 2205 745 2240 et
787 2190 1012 2257 publicae
1050 2190 1254 2258 negotiis
1273 2227 1289 2253 ‚
1357 2206 1413 2240 ut
1454 2192 1511 2240 iis
1552 2173 1648 2242 vim
1679 2190 1949 2241 verbalium

189 2278 530 2332 contractuum
584 2279 934 2352 conciliarent,
1004 2280 1208 2330 maxime
1249 2297 1360 2330 vero
1410 2280 1459 2329 iu
1504 2280 1697 2345 privatis
1749 2284 1948 2328 contib-

188 2369 350 2421 versiis
371 2404 386 2433 ,
447 2366 643 2437 quando
702 2385 753 2417 se
802 2367 866 2418 ad
917 2385 1020 2418 rem
1037 2350 1268 2419 dubiam
1308 2367 1693 2437 qualemcunque
1735 2368 1950 2436 proban-

193 2458 309 2508 dam
336 2458 536 2525 pignore
567 2438 939 2524 obstringebant.
1009 2461 1076 2508 Ea
1113 2473 1188 2506 nes
1223 2456 1467 2507 {alitibus
1506 2475 1705 2527 magnae
1734 2456 1955 2508 utilitatis

192 2564 275 2601 est„
344 2546 530 2596 Probos
561 2530 768 2595 euim-et
795 2545 1027 2594 honestos
1066 2542 1289 2596 homiues
1322 2563 1424 2595 non
1456 2546 1598 2596 decet
1631 2548 1731 2611 alio
1751 2548 1958 2597 consilio

194 2639 354 2689 facere
389 2650 437 2687 et
472 2634 654 2685 habere
700 2635 1104 2696 controversiam,
1161 2654 1310 2705 quam
1350 2651 1407 2686 ut
1436 2654 1548 2689 vero
1577 2638 1794 2703 vincant,
1862 2636 1961 2686 hoe

1251 2725 1298 2774 A
1336 2742 1362 2775 2
